@article{Louson,
  title={The physics of charged-particle beams},
  author={Lawson, John David},
  year={1977}
}